<record><leader>00000cas a2200000 a 4500</leader><controlfield tag="001">31299524</controlfield><controlfield tag="008">941017d19901995ilucr ne      0    0eng c</controlfield><datafield ind1=" " ind2=" " tag="010"><subfield code="a">sn 94060591 </subfield></datafield><datafield ind1=" " ind2=" " tag="040"><subfield code="a">NVF</subfield><subfield code="b">eng</subfield><subfield code="c">NVF</subfield><subfield code="d">OCLCQ</subfield><subfield code="d">NVF</subfield><subfield code="d">OCLCQ</subfield><subfield code="d">NVF</subfield><subfield code="d">OCLCF</subfield><subfield code="d">OCLCO</subfield></datafield><datafield ind1="1" ind2=" " tag="029"><subfield code="a">AU@</subfield><subfield code="b">000011309922</subfield></datafield><datafield ind1=" " ind2=" " tag="042"><subfield code="a">pcc</subfield></datafield><datafield ind1=" " ind2=" " tag="043"><subfield code="a">n-us-il</subfield></datafield><datafield ind1="0" ind2=" " tag="130"><subfield code="a">Suburban life graphic (Downers Grove, Ill. : Darien ed.)</subfield></datafield><datafield ind1="1" ind2="0" tag="245"><subfield code="a">Suburban life graphic.</subfield></datafield><datafield ind1=" " ind2=" " tag="250"><subfield code="a">[Darien ed.].</subfield></datafield><datafield ind1=" " ind2=" " tag="260"><subfield code="a">Downers Grove, Ill. :</subfield><subfield code="b">Life Print. and Pub. Co.,</subfield><subfield code="c">1990-1995.</subfield></datafield><datafield ind1=" " ind2=" " tag="300"><subfield code="a">v.</subfield></datafield><datafield ind1=" " ind2=" " tag="310"><subfield code="a">Semiweekly</subfield></datafield><datafield ind1="0" ind2=" " tag="362"><subfield code="a">41st year, no. 53 (June 2, 1990)-46th year, no. 64 (July 12, 1995).</subfield></datafield><datafield ind1=" " ind2="0" tag="651"><subfield code="a">Darien (Ill.)</subfield><subfield code="v">Newspapers.</subfield></datafield><datafield ind1=" " ind2="0" tag="651"><subfield code="a">Westmont (Ill.)</subfield><subfield code="v">Newspapers.</subfield></datafield><datafield ind1=" " ind2="0" tag="651"><subfield code="a">Willowbrook (DuPage County, Ill.)</subfield><subfield code="v">Newspapers.</subfield></datafield><datafield ind1=" " ind2="7" tag="655"><subfield code="a">Newspapers.</subfield><subfield code="2">fast</subfield><subfield code="0">(OCoLC)fst01423814</subfield></datafield><datafield ind1=" " ind2="7" tag="651"><subfield code="a">Illinois</subfield><subfield code="z">Darien.</subfield><subfield code="2">fast</subfield><subfield code="0">(OCoLC)fst01238074</subfield></datafield><datafield ind1=" " ind2="7" tag="651"><subfield code="a">Illinois</subfield><subfield code="z">Westmont.</subfield><subfield code="2">fast</subfield><subfield code="0">(OCoLC)fst01226867</subfield></datafield><datafield ind1=" " ind2="7" tag="651"><subfield code="a">Illinois</subfield><subfield code="z">Willowbrook (DuPage County)</subfield><subfield code="2">fast</subfield><subfield code="0">(OCoLC)fst01314343</subfield></datafield><datafield ind1=" " ind2=" " tag="752"><subfield code="a">United States</subfield><subfield code="b">Illinois</subfield><subfield code="c">DuPage</subfield><subfield code="d">Downers Grove.</subfield></datafield><datafield ind1="0" ind2="0" tag="785"><subfield code="t">Suburban life (Downers Grove, Ill. : Darien ed.)</subfield><subfield code="w">(DLC)sn 98063216</subfield><subfield code="w">(OCoLC)38872834</subfield></datafield></record>